% Graduation documentation bibliography
% Copyright 2016-2017, Sjors van Gelderen

@book {introduction_to_algorithms,
    AUTHOR = {Cormen, Thomas H. and Leiserson, Charles E. and Rivest, Ronald
              L. and Stein, Clifford},
     TITLE = {Introduction to algorithms},
   EDITION = {Second},
 PUBLISHER = {MIT Press, Cambridge, MA; McGraw-Hill Book Co., Boston, MA},
      YEAR = {2001},
     PAGES = {xxii+1180},
      ISBN = {0-262-03293-7},
   MRCLASS = {68-01 (05-01 05C85 68P05 68P10 68Q25 68Wxx)},
  MRNUMBER = {1848805},
}

@presentation {slides_unit_1,
AUTHOR = {Constantini, Giulia, Di Giacomo, Francesco and Maggiore, G.},
TITLE = {INFDEV02-6A - Algoritmiek Unit 1 - Intro, array, complexity}
PUBLISHER = {Hogeschool Rotterdam}
}

@presentation {slides_unit_2,
AUTHOR = {Constantini, Giulia, Di Giacomo, Francesco and Maggiore, G.},
TITLE = {INFDEV02-6A - Algoritmiek Unit 2 - Sorting algorithms}
PUBLISHER = {Hogeschool Rotterdam}
}

@presentation {slides_unit_3,
AUTHOR = {Constantini, Giulia, Di Giacomo, Francesco and Maggiore, G.},
TITLE = {INFDEV02-6A - Algoritmiek Unit 3 - Lists, stacks, queues, hash tables}
PUBLISHER = {Hogeschool Rotterdam}
}

@presentation {slides_unit_4,
AUTHOR = {Constantini, Giulia, Di Giacomo, Francesco and Maggiore, G.},
TITLE = {INFDEV02-6A - Algoritmiek Unit 4 - Binary trees}
PUBLISHER = {Hogeschool Rotterdam}
}

@presentation {slides_unit_5,
AUTHOR = {Constantini, Giulia, Di Giacomo, Francesco and Maggiore, G.},
TITLE = {INFDEV02-6A - Algoritmiek Unit 5 - Graphs}
PUBLISHER = {Hogeschool Rotterdam}
}

@presentation {slides_unit_6,
AUTHOR = {Constantini, Giulia, Di Giacomo, Francesco and Maggiore, G.},
TITLE = {INFDEV02-6A - Algoritmiek Unit 6 - Dynamic programming, Floyd-Warshall}
PUBLISHER = {Hogeschool Rotterdam}
}

@online {wikipedia_binary_heap,
TITLE = "Binary heap"
URL = "https://en.wikipedia.org/wiki/Binary_heap"
KEYWORDS = "heap,data,structure"
}

@online {graduation_repository,
TITLE = "Examples repository"
URL = "https://github.com/sjorsvangelderen/Graduation"
KEYWORDS = "github,source,examples"
}